[gd_scene load_steps=4 format=3 uid="uid://dx1noxubp67xo"]

[ext_resource type="Texture2D" uid="uid://byer27kpfmdub" path="res://icon.svg" id="1_1wfo1"]

[sub_resource type="StyleBoxFlat" id="StyleBoxFlat_u6jfj"]
bg_color = Color(0.290196, 0.290196, 0.290196, 1)
border_width_left = 2
border_width_top = 2
border_width_right = 2
border_width_bottom = 2
border_color = Color(1, 1, 1, 1)
border_blend = true
corner_radius_top_left = 5
corner_radius_top_right = 5
corner_radius_bottom_right = 5
corner_radius_bottom_left = 5

[sub_resource type="StyleBoxFlat" id="StyleBoxFlat_cs3m6"]
bg_color = Color(0.396078, 0.654902, 0.631373, 1)
border_width_left = 2
border_width_top = 2
border_width_bottom = 2
border_blend = true
corner_radius_top_left = 5
corner_radius_bottom_left = 5

[node name="Control" type="Control"]
layout_mode = 3
anchors_preset = 15
anchor_right = 1.0
anchor_bottom = 1.0
grow_horizontal = 2
grow_vertical = 2

[node name="PanelContainer" type="PanelContainer" parent="."]
layout_mode = 0
offset_right = 200.0
offset_bottom = 280.0

[node name="VBoxContainer" type="VBoxContainer" parent="PanelContainer"]
layout_mode = 2

[node name="Avatar Name Container" type="PanelContainer" parent="PanelContainer/VBoxContainer"]
layout_mode = 2

[node name="Label" type="Label" parent="PanelContainer/VBoxContainer/Avatar Name Container"]
layout_mode = 2
text = "Avatar Name"
horizontal_alignment = 1

[node name="Avatar Image Container" type="PanelContainer" parent="PanelContainer/VBoxContainer"]
layout_mode = 2

[node name="Avatar Image" type="TextureRect" parent="PanelContainer/VBoxContainer/Avatar Image Container"]
layout_mode = 2
texture = ExtResource("1_1wfo1")
expand_mode = 4

[node name="GreyOut" type="ColorRect" parent="PanelContainer/VBoxContainer/Avatar Image Container"]
visible = false
layout_mode = 2
color = Color(0.14902, 0.14902, 0.14902, 0.678431)

[node name="XP and Stuff Container" type="PanelContainer" parent="PanelContainer/VBoxContainer"]
layout_mode = 2

[node name="Locked" type="HBoxContainer" parent="PanelContainer/VBoxContainer/XP and Stuff Container"]
visible = false
custom_minimum_size = Vector2(0, 50)
layout_mode = 2
alignment = 1

[node name="CardCount Container" type="PanelContainer" parent="PanelContainer/VBoxContainer/XP and Stuff Container/Locked"]
layout_mode = 2
size_flags_horizontal = 3

[node name="Cards Collected" type="Label" parent="PanelContainer/VBoxContainer/XP and Stuff Container/Locked/CardCount Container"]
layout_mode = 2
text = "x / y"
horizontal_alignment = 1

[node name="Lock Image" type="PanelContainer" parent="PanelContainer/VBoxContainer/XP and Stuff Container/Locked"]
layout_mode = 2
size_flags_horizontal = 3

[node name="Padlock" type="TextureRect" parent="PanelContainer/VBoxContainer/XP and Stuff Container/Locked/Lock Image"]
layout_mode = 2
size_flags_horizontal = 4
texture = ExtResource("1_1wfo1")
expand_mode = 2

[node name="PanelContainer" type="PanelContainer" parent="PanelContainer/VBoxContainer/XP and Stuff Container/Locked"]
clip_contents = true
layout_mode = 2
size_flags_horizontal = 3

[node name="UnlockInfo" type="Label" parent="PanelContainer/VBoxContainer/XP and Stuff Container/Locked/PanelContainer"]
layout_mode = 2
text = "Place
Holder"
horizontal_alignment = 1

[node name="XP to next" type="HBoxContainer" parent="PanelContainer/VBoxContainer/XP and Stuff Container"]
custom_minimum_size = Vector2(0, 50)
layout_mode = 2
alignment = 1

[node name="Current" type="PanelContainer" parent="PanelContainer/VBoxContainer/XP and Stuff Container/XP to next"]
custom_minimum_size = Vector2(40, 40)
layout_mode = 2

[node name="Label" type="Label" parent="PanelContainer/VBoxContainer/XP and Stuff Container/XP to next/Current"]
layout_mode = 2
text = "x"
horizontal_alignment = 1

[node name="XP Bar" type="PanelContainer" parent="PanelContainer/VBoxContainer/XP and Stuff Container/XP to next"]
layout_mode = 2
size_flags_horizontal = 3

[node name="ProgressBar" type="ProgressBar" parent="PanelContainer/VBoxContainer/XP and Stuff Container/XP to next/XP Bar"]
layout_mode = 2
size_flags_vertical = 4
theme_override_styles/background = SubResource("StyleBoxFlat_u6jfj")
theme_override_styles/fill = SubResource("StyleBoxFlat_cs3m6")
value = 42.0

[node name="Next" type="PanelContainer" parent="PanelContainer/VBoxContainer/XP and Stuff Container/XP to next"]
clip_contents = true
custom_minimum_size = Vector2(40, 40)
layout_mode = 2

[node name="Label" type="Label" parent="PanelContainer/VBoxContainer/XP and Stuff Container/XP to next/Next"]
layout_mode = 2
text = "y
"
horizontal_alignment = 1
